[gd_scene load_steps=11 format=2]

[ext_resource path="res://world/canyon/World.escn" type="PackedScene" id=1]
[ext_resource path="res://assets/materials/neutral/terrain.tres" type="Material" id=2]
[ext_resource path="res://common/set_team.gd" type="Script" id=3]
[ext_resource path="res://units/helo/helo.tscn" type="PackedScene" id=4]
[ext_resource path="res://buildings/base/Base.tscn" type="PackedScene" id=5]
[ext_resource path="res://buildings/factory/factory.tscn" type="PackedScene" id=7]
[ext_resource path="res://world/MasterCamera.tscn" type="PackedScene" id=9]
[ext_resource path="res://buildings/outpost/Outpost.tscn" type="PackedScene" id=10]
[ext_resource path="res://buildings/gun_turret/gun_turret.tscn" type="PackedScene" id=11]
[ext_resource path="res://items/weapons/auto/Auto.tscn" type="PackedScene" id=12]

[node name="World" instance=ExtResource( 1 )]

[node name="Highlight" parent="MeshPhysics/MeshCollision/Mesh" index="0"]
material_override = ExtResource( 2 )

[node name="Player" type="Spatial" parent="." index="1"]
transform = Transform( 1, 0, 2.38419e-07, 0, 1, 0, -2.38419e-07, 0, 1, -8.34467e-05, 1.25305, -350 )
script = ExtResource( 3 )
team = "blue"

[node name="Helo" parent="Player" index="0" instance=ExtResource( 4 )]
transform = Transform( 1, 0, 0, 0, 1, 0, 0, 0, 1, -7.27596e-12, 28, -22 )

[node name="Base" parent="Player" index="1" instance=ExtResource( 5 )]
transform = Transform( 1, 0, 0, 0, 1, 0, 0, 0, 1, 1.18338e-06, 0, -56 )

[node name="Factory" parent="Player" index="2" instance=ExtResource( 7 )]
transform = Transform( -4.37114e-08, 0, -1, 0, 1, 0, 1, 0, -4.37114e-08, 150, 0, 0 )

[node name="Factory2" parent="Player" index="3" instance=ExtResource( 7 )]
transform = Transform( -4.37114e-08, 0, 1, 0, 1, 0, -1, 0, -4.37114e-08, -150, 0, 0 )

[node name="Base1" type="Spatial" parent="." index="2"]
transform = Transform( 1, 0, 0, 0, 1, 0, 0, 0, 1, 0, 1.83984, -42 )

[node name="MasterCamera" parent="." index="3" instance=ExtResource( 9 )]

[node name="Timer" type="Timer" parent="." index="4"]
wait_time = 0.01
one_shot = true
autostart = true

[node name="Enemies1" type="Spatial" parent="." index="5"]
transform = Transform( -1, 0, -1.50996e-07, 0, 1, 0, 1.50996e-07, 0, -1, 0, 0.654236, 0 )

[node name="Outpost" parent="Enemies1" index="0" instance=ExtResource( 10 )]
transform = Transform( 1, 0, 2.38419e-07, 0, 1, 0, -2.38419e-07, 0, 1, 40, 0, 0 )
initial_team = "red"

[node name="Outpost2" parent="Enemies1" index="1" instance=ExtResource( 10 )]
transform = Transform( 1, 0, 2.38419e-07, 0, 1, 0, -2.38419e-07, 0, 1, -40, 0, 0 )
initial_team = "red"

[node name="GunTurret" parent="Enemies1" index="2" instance=ExtResource( 11 )]
transform = Transform( 1, 0, 0, 0, 1, 0, 0, 0, 1, 4.54747e-13, 0, 30 )
initial_team = "red"

[node name="GunTurret2" parent="Enemies1" index="3" instance=ExtResource( 11 )]
transform = Transform( 1, 0, 0, 0, 1, 0, 0, 0, 1, -15, 0, 30 )
initial_team = "red"

[node name="GunTurret3" parent="Enemies1" index="4" instance=ExtResource( 11 )]
transform = Transform( 1, 0, 0, 0, 1, 0, 0, 0, 1, 15, 0, 30 )
initial_team = "red"

[node name="Timer" type="Timer" parent="Enemies1" index="5"]
wait_time = 0.01
one_shot = true
autostart = true

[node name="Auto" parent="." index="6" instance=ExtResource( 12 )]
transform = Transform( 1, 0, 0, 0, 1, 0, 0, 0, 1, 0, 3.9023, -330.849 )

[node name="Outpost" parent="." index="7" instance=ExtResource( 10 )]
transform = Transform( 1, 0, 0, 0, 1, 0, 0, 0, 1, 0, 0, -303.464 )
[connection signal="timeout" from="Timer" to="Player/Helo" method="set_active" binds= [ true ]]
[connection signal="timeout" from="Enemies1/Timer" to="Enemies1/Outpost" method="build"]
[connection signal="timeout" from="Enemies1/Timer" to="Enemies1/Outpost2" method="build"]
