[gd_scene load_steps=7 format=2]

[ext_resource path="res://gui/gui_theme.tres" type="Theme" id=1]
[ext_resource path="res://gui/hud/hud.gd" type="Script" id=2]
[ext_resource path="res://gui/hud/Minimap.gd" type="Script" id=3]
[ext_resource path="res://gui/brace.svg" type="Texture" id=4]
[ext_resource path="res://gui/hud/health_progress.svg" type="Texture" id=5]
[ext_resource path="res://gui/hud/shield_progress.svg" type="Texture" id=6]

[node name="HUD" type="Control"]
modulate = Color( 1, 1, 1, 0.647059 )
anchor_right = 1.0
anchor_bottom = 1.0
theme = ExtResource( 1 )
script = ExtResource( 2 )

[node name="Minimap" type="MarginContainer" parent="."]
visible = false
anchor_left = 0.5
anchor_top = 1.0
anchor_right = 0.5
anchor_bottom = 1.0
margin_left = -44.0
margin_top = -85.0
margin_right = 45.0
script = ExtResource( 3 )

[node name="NinePatchRect" type="NinePatchRect" parent="Minimap"]
margin_right = 89.0
margin_bottom = 85.0
texture = ExtResource( 4 )
region_rect = Rect2( -2.26316, -0.368416, 68.4211, 65.2632 )
patch_margin_left = 44
patch_margin_top = 22
patch_margin_right = 45
patch_margin_bottom = 22

[node name="VBoxContainer" type="VBoxContainer" parent="."]
anchor_left = 0.5
anchor_top = 1.0
anchor_right = 0.5
anchor_bottom = 1.0
margin_left = -128.0
margin_top = -40.0
margin_right = 128.0

[node name="Control" type="CenterContainer" parent="VBoxContainer"]
margin_right = 256.0
margin_bottom = 32.0

[node name="HealthBar" type="TextureProgress" parent="VBoxContainer/Control"]
margin_left = 15.0
margin_right = 241.0
margin_bottom = 32.0
value = 100.0
texture_progress = ExtResource( 5 )
fill_mode = 6
tint_progress = Color( 0.917647, 0.0745098, 0.0745098, 1 )

[node name="ShieldBar" type="TextureProgress" parent="VBoxContainer/Control"]
margin_right = 256.0
margin_bottom = 32.0
value = 100.0
texture_progress = ExtResource( 6 )
fill_mode = 6
tint_progress = Color( 0, 0.835294, 1, 1 )
