[gd_scene load_steps=8 format=2]

[ext_resource path="res://buildings/tunnel/TrainRoute.gd" type="Script" id=1]
[ext_resource path="res://assets/materials/blue/dim.tres" type="Material" id=2]
[ext_resource path="res://common/path_skin/PathSkin.gd" type="Script" id=3]
[ext_resource path="res://common/PathPin.gd" type="Script" id=4]
[ext_resource path="res://buildings/tunnel/StartTunnel.tscn" type="PackedScene" id=5]
[ext_resource path="res://buildings/tunnel/EndTunnel.tscn" type="PackedScene" id=6]

[sub_resource type="Curve3D" id=1]
resource_local_to_scene = true
_data = {
"points": PoolVector3Array( 0, 0, 0, 0, 0, 0, 14.8412, 0.0205078, -5.87822, 0, 0, 0, 0, 0, 0, 17.2917, -0.0615234, 273.427, -67.6412, -0.0102539, 1.15387, 67.6412, 0.0102539, -1.15387, 96.3484, -0.00195312, 316.818, 0, 0, 0, 0, 0, 0, 283.102, 0.0263672, 317.686 ),
"tilts": PoolRealArray( 0, 0, 0, 0 )
}

[node name="TrainRoute" type="Path"]
curve = SubResource( 1 )
script = ExtResource( 1 )
speed = 10.0

[node name="PathSkin" type="ImmediateGeometry" parent="."]
material_override = ExtResource( 2 )
script = ExtResource( 3 )
step = 0.1
end = 1.0
offset = Vector3( 0, 1, 0 )

[node name="PathPin" type="PathFollow" parent="."]
transform = Transform( 0.999962, 2.56574e-06, 0.00879625, 1.74825e-08, 1, -0.000293672, -0.00879627, 0.000293662, 0.999959, 14.8461, 0.0203428, -5.31647 )
offset = 0.563888
rotation_mode = 4
loop = false
script = ExtResource( 4 )
pin = 0.001

[node name="StartTunnel" parent="PathPin" instance=ExtResource( 5 )]

[node name="PathPin2" type="PathFollow" parent="."]
transform = Transform( 0.0168322, -0.000136709, 0.999855, -0.000886621, 1, 0.000151654, -0.999858, -0.000889048, 0.016832, 282.908, 0.0263378, 317.683 )
offset = 563.888
rotation_mode = 4
loop = false
script = ExtResource( 4 )
pin = 1.0

[node name="EndTunnel" parent="PathPin2" instance=ExtResource( 6 )]
