[gd_scene load_steps=16 format=2]

[ext_resource path="res://buildings/buildzone/BuildZone.gd" type="Script" id=1]
[ext_resource path="res://common/DropParticles.tscn" type="PackedScene" id=2]
[ext_resource path="res://assets/sounds/audacity/drop_pod.wav" type="AudioStream" id=3]
[ext_resource path="res://assets/materials/blueprint_border.tres" type="Material" id=4]
[ext_resource path="res://common/mesh.gd" type="Script" id=5]
[ext_resource path="res://assets/sounds/audacity/hard_landing.wav" type="AudioStream" id=6]
[ext_resource path="res://common/DropShockwave.tscn" type="PackedScene" id=7]
[ext_resource path="res://gui/ToolTip3D.tscn" type="PackedScene" id=8]
[ext_resource path="res://world/CameraShaker.gd" type="Script" id=9]

[sub_resource type="Animation" id=1]
resource_name = "Blueprint"
tracks/0/type = "value"
tracks/0/path = NodePath("BluePrint:material_override")
tracks/0/interp = 1
tracks/0/loop_wrap = true
tracks/0/imported = false
tracks/0/enabled = true
tracks/0/keys = {
"times": PoolRealArray( 0 ),
"transitions": PoolRealArray( 1 ),
"update": 0,
"values": [ ExtResource( 4 ) ]
}
tracks/1/type = "value"
tracks/1/path = NodePath("BluePrint:visible")
tracks/1/interp = 1
tracks/1/loop_wrap = true
tracks/1/imported = false
tracks/1/enabled = true
tracks/1/keys = {
"times": PoolRealArray( 0 ),
"transitions": PoolRealArray( 1 ),
"update": 1,
"values": [ true ]
}
tracks/2/type = "value"
tracks/2/path = NodePath("BuildToolTip:message")
tracks/2/interp = 1
tracks/2/loop_wrap = true
tracks/2/imported = false
tracks/2/enabled = true
tracks/2/keys = {
"times": PoolRealArray( 0 ),
"transitions": PoolRealArray( 1 ),
"update": 1,
"values": [ "Build" ]
}

[sub_resource type="Animation" id=2]
length = 2.0
tracks/0/type = "value"
tracks/0/path = NodePath("BuildingPoint/Particles:emitting")
tracks/0/interp = 1
tracks/0/loop_wrap = true
tracks/0/imported = false
tracks/0/enabled = true
tracks/0/keys = {
"times": PoolRealArray( 0, 1.5 ),
"transitions": PoolRealArray( 1, 1 ),
"update": 1,
"values": [ true, false ]
}
tracks/1/type = "value"
tracks/1/path = NodePath("Shockwave:emitting")
tracks/1/interp = 1
tracks/1/loop_wrap = true
tracks/1/imported = false
tracks/1/enabled = true
tracks/1/keys = {
"times": PoolRealArray( 0, 1.5 ),
"transitions": PoolRealArray( 1, 1 ),
"update": 1,
"values": [ false, true ]
}
tracks/2/type = "value"
tracks/2/path = NodePath("BluePrint:material_override")
tracks/2/interp = 1
tracks/2/loop_wrap = true
tracks/2/imported = false
tracks/2/enabled = true
tracks/2/keys = {
"times": PoolRealArray(  ),
"transitions": PoolRealArray(  ),
"update": 0,
"values": [  ]
}
tracks/3/type = "value"
tracks/3/path = NodePath("ConstructionBarrier/Mesh:visible")
tracks/3/interp = 1
tracks/3/loop_wrap = true
tracks/3/imported = false
tracks/3/enabled = true
tracks/3/keys = {
"times": PoolRealArray( 0, 1.5 ),
"transitions": PoolRealArray( 1, 1 ),
"update": 1,
"values": [ true, false ]
}
tracks/4/type = "value"
tracks/4/path = NodePath("ConstructionBarrier/Mesh:scale")
tracks/4/interp = 1
tracks/4/loop_wrap = true
tracks/4/imported = false
tracks/4/enabled = true
tracks/4/keys = {
"times": PoolRealArray( 0, 0.2 ),
"transitions": PoolRealArray( 1, 1 ),
"update": 0,
"values": [ Vector3( 0.1, 1, 0.1 ), Vector3( 1, 1, 1 ) ]
}
tracks/5/type = "transform"
tracks/5/path = NodePath("BuildingPoint")
tracks/5/interp = 1
tracks/5/loop_wrap = true
tracks/5/imported = false
tracks/5/enabled = true
tracks/5/keys = PoolRealArray( 0, 1, 0, 200, 0, 0, 0, 0, 1, 1, 1, 1, 0.5, 1, 0, 200, 0, 0, 0, 0, 1, 1, 1, 1, 1.5, 1, 0, 0, 0, 0, 0, 0, 1, 1, 1, 1 )
tracks/6/type = "value"
tracks/6/path = NodePath("ConstructionBarrier/CollisionShape:shape:radius")
tracks/6/interp = 1
tracks/6/loop_wrap = true
tracks/6/imported = false
tracks/6/enabled = true
tracks/6/keys = {
"times": PoolRealArray( 0.2 ),
"transitions": PoolRealArray( 1 ),
"update": 0,
"values": [ 16.0 ]
}
tracks/7/type = "value"
tracks/7/path = NodePath("ConstructionBarrier/CollisionShape:disabled")
tracks/7/interp = 1
tracks/7/loop_wrap = true
tracks/7/imported = false
tracks/7/enabled = true
tracks/7/keys = {
"times": PoolRealArray( 0, 1.5 ),
"transitions": PoolRealArray( 1, 1 ),
"update": 1,
"values": [ false, true ]
}
tracks/8/type = "audio"
tracks/8/path = NodePath("AudioStreamPlayer3D")
tracks/8/interp = 1
tracks/8/loop_wrap = true
tracks/8/imported = false
tracks/8/enabled = true
tracks/8/keys = {
"clips": [ {
"end_offset": 0.0,
"start_offset": 0.0,
"stream": ExtResource( 6 )
} ],
"times": PoolRealArray( 1.5 )
}
tracks/9/type = "audio"
tracks/9/path = NodePath("BuildingPoint/AudioStreamPlayer3D")
tracks/9/interp = 1
tracks/9/loop_wrap = true
tracks/9/imported = false
tracks/9/enabled = true
tracks/9/keys = {
"clips": [ {
"end_offset": 1.75,
"start_offset": 0.0,
"stream": ExtResource( 3 )
} ],
"times": PoolRealArray( 0.2 )
}
tracks/10/type = "method"
tracks/10/path = NodePath("CameraShaker")
tracks/10/interp = 1
tracks/10/loop_wrap = true
tracks/10/imported = false
tracks/10/enabled = true
tracks/10/keys = {
"times": PoolRealArray( 1.5 ),
"transitions": PoolRealArray( 1 ),
"values": [ {
"args": [  ],
"method": "shake"
} ]
}
tracks/11/type = "value"
tracks/11/path = NodePath("BluePrint:visible")
tracks/11/interp = 1
tracks/11/loop_wrap = true
tracks/11/imported = false
tracks/11/enabled = true
tracks/11/keys = {
"times": PoolRealArray( 0 ),
"transitions": PoolRealArray( 1 ),
"update": 1,
"values": [ false ]
}
tracks/12/type = "value"
tracks/12/path = NodePath("BuildToolTip:message")
tracks/12/interp = 1
tracks/12/loop_wrap = true
tracks/12/imported = false
tracks/12/enabled = true
tracks/12/keys = {
"times": PoolRealArray( 0 ),
"transitions": PoolRealArray( 1 ),
"update": 1,
"values": [ "Build" ]
}

[sub_resource type="SpatialMaterial" id=3]
flags_transparent = true
flags_unshaded = true
flags_do_not_receive_shadows = true
flags_disable_ambient_light = true
params_blend_mode = 1
albedo_color = Color( 1, 1, 1, 0.152941 )
refraction_enabled = true
refraction_scale = 0.32
refraction_texture_channel = 0
proximity_fade_enable = true
proximity_fade_distance = 751.9
distance_fade_mode = 1
distance_fade_min_distance = 100.0
distance_fade_max_distance = 68.3

[sub_resource type="CylinderMesh" id=4]
top_radius = 16.0
bottom_radius = 16.0
height = 100.0

[sub_resource type="CylinderShape" id=5]
radius = 16.0
height = 120.0

[sub_resource type="CylinderShape" id=6]
radius = 16.1721
height = 20.3592

[node name="BuildZone" type="Area"]
transform = Transform( 1, -2.99063e-05, 8.62272e-06, 2.99063e-05, 1, -3.14333e-06, -8.62272e-06, 3.14333e-06, 1, 0, 0, 0 )
collision_layer = 0
collision_mask = 32
script = ExtResource( 1 )

[node name="BuildingPoint" type="RemoteTransform" parent="."]

[node name="Particles" parent="BuildingPoint" instance=ExtResource( 2 )]
transform = Transform( 1.59231, 0, 0, 0, 1.59231, 0, 0, 0, 1.59231, 0, 12.7931, 0 )
emitting = false

[node name="AudioStreamPlayer3D" type="AudioStreamPlayer3D" parent="BuildingPoint"]
stream = ExtResource( 3 )
unit_size = 5.0
doppler_tracking = 2

[node name="BluePrint" type="MeshInstance" parent="."]
visible = false
material_override = ExtResource( 4 )
script = ExtResource( 5 )

[node name="AnimationPlayer" type="AnimationPlayer" parent="."]
autoplay = "Blueprint"
playback_process_mode = 0
anims/Blueprint = SubResource( 1 )
anims/Build = SubResource( 2 )

[node name="Shockwave" parent="." instance=ExtResource( 7 )]
transform = Transform( 2.19723, 0, 0, 0, 1, 0, 0, 0, 2.19723, 0, 0.574097, 0 )

[node name="ConstructionBarrier" type="KinematicBody" parent="."]

[node name="Mesh" type="MeshInstance" parent="ConstructionBarrier"]
transform = Transform( 1, 0, 0, 0, 1, 0, 0, 0, 1, 0, 50, 0 )
visible = false
material_override = SubResource( 3 )
mesh = SubResource( 4 )
material/0 = null

[node name="CollisionShape" type="CollisionShape" parent="ConstructionBarrier"]
transform = Transform( 1, 0, 0, 0, 1, 0, 0, 0, 1, 0, 50, 0 )
shape = SubResource( 5 )
disabled = true

[node name="BuildToolTip" parent="." instance=ExtResource( 8 )]
transform = Transform( 1, 1.81079e-13, 0, 1.78562e-13, 1, 0, 0, 0, 1, -2.23443e-11, 18.0051, 0 )
message = "Build"
layers = 2

[node name="AudioStreamPlayer3D" type="AudioStreamPlayer3D" parent="."]
stream = ExtResource( 6 )
unit_db = 5.0
unit_size = 5.0

[node name="CameraShaker" type="Spatial" parent="."]
script = ExtResource( 9 )

[node name="CollisionShape" type="CollisionShape" parent="."]
transform = Transform( 1, 1.81079e-13, 0, 1.78562e-13, 1, 0, 0, 0, 1, -1.26266e-11, 10.13, 0 )
shape = SubResource( 6 )
