[gd_resource type="Theme" load_steps=10 format=2]

[ext_resource path="res://gui/brace_style.tres" type="StyleBox" id=1]
[ext_resource path="res://fonts/Orbitron Medium.otf" type="DynamicFontData" id=2]
[ext_resource path="res://gui/progress_bg.svg" type="Texture" id=3]
[ext_resource path="res://gui/progress_fg.svg" type="Texture" id=4]

[sub_resource type="DynamicFont" id=1]

[sub_resource type="DynamicFont" id=2]
size = 32
font_data = ExtResource( 2 )

[sub_resource type="StyleBoxTexture" id=3]
texture = ExtResource( 3 )
region_rect = Rect2( 0, 0, 128, 32 )
margin_left = 14.0883
margin_bottom = 13.7648

[sub_resource type="StyleBoxTexture" id=4]
texture = ExtResource( 4 )
region_rect = Rect2( 0, 0, 128, 32 )
margin_left = 17.8236
margin_right = 7.0

[sub_resource type="ImageTexture" id=5]

[resource]
default_font = SubResource( 2 )
Button/colors/font_color = Color( 0.878431, 0.878431, 0.878431, 1 )
Button/colors/font_color_disabled = Color( 0.9, 0.9, 0.9, 0.2 )
Button/colors/font_color_hover = Color( 0.941176, 0.941176, 0.941176, 1 )
Button/colors/font_color_pressed = Color( 1, 1, 1, 1 )
Button/constants/hseparation = 2
Button/fonts/font = null
Button/styles/disabled = ExtResource( 1 )
Button/styles/focus = ExtResource( 1 )
Button/styles/hover = ExtResource( 1 )
Button/styles/normal = ExtResource( 1 )
Button/styles/pressed = ExtResource( 1 )
ItemList/colors/font_color = Color( 0.627451, 0.627451, 0.627451, 1 )
ItemList/colors/font_color_selected = Color( 1, 1, 1, 1 )
ItemList/colors/guide_color = Color( 0, 0, 0, 0.1 )
ItemList/constants/hseparation = 4
ItemList/constants/icon_margin = 4
ItemList/constants/line_separation = 2
ItemList/constants/vseparation = 2
ItemList/fonts/font = SubResource( 1 )
ItemList/styles/bg = ExtResource( 1 )
ItemList/styles/bg_focus = ExtResource( 1 )
ItemList/styles/cursor = ExtResource( 1 )
ItemList/styles/cursor_unfocused = ExtResource( 1 )
ItemList/styles/selected = ExtResource( 1 )
ItemList/styles/selected_focus = ExtResource( 1 )
ProgressBar/colors/font_color = Color( 0.941176, 0.941176, 0.941176, 1 )
ProgressBar/colors/font_color_shadow = Color( 0, 0, 0, 1 )
ProgressBar/fonts/font = SubResource( 2 )
ProgressBar/styles/bg = SubResource( 3 )
ProgressBar/styles/fg = SubResource( 4 )
SpinBox/icons/updown = SubResource( 5 )
