[gd_scene load_steps=11 format=2]

[ext_resource path="res://units/upgrade/Upgrade.gd" type="Script" id=1]
[ext_resource path="res://assets/icons/blaster.svg" type="Texture" id=2]
[ext_resource path="res://common/gravity.gd" type="Script" id=3]
[ext_resource path="res://gui/ToolTip3D.tscn" type="PackedScene" id=4]

[sub_resource type="SpatialMaterial" id=1]
flags_transparent = true
flags_unshaded = true
flags_do_not_receive_shadows = true
flags_disable_ambient_light = true
params_cull_mode = 2
params_billboard_keep_scale = true
distance_fade_mode = 1
distance_fade_min_distance = 200.0
distance_fade_max_distance = 0.0

[sub_resource type="CubeMesh" id=2]
size = Vector3( 2.5, 2.5, 2.5 )

[sub_resource type="SpatialMaterial" id=3]
flags_transparent = true
flags_unshaded = true
flags_do_not_receive_shadows = true
flags_disable_ambient_light = true
albedo_color = Color( 1, 1, 1, 0.278431 )
distance_fade_mode = 1
distance_fade_min_distance = 200.0
distance_fade_max_distance = 0.0

[sub_resource type="BoxShape" id=4]
extents = Vector3( 1.47229, 1.69233, 1.4302 )

[sub_resource type="Animation" id=5]
resource_name = "Idle"
length = 3.0
loop = true
tracks/0/type = "value"
tracks/0/path = NodePath("Sprite3D:rotation_degrees")
tracks/0/interp = 1
tracks/0/loop_wrap = true
tracks/0/imported = false
tracks/0/enabled = true
tracks/0/keys = {
"times": PoolRealArray( 0, 3 ),
"transitions": PoolRealArray( 1, 1 ),
"update": 0,
"values": [ Vector3( 0, 0, 0 ), Vector3( 0, 360, 0 ) ]
}

[sub_resource type="BoxShape" id=6]
extents = Vector3( 2, 2, 2 )

[node name="Upgrade" type="KinematicBody"]
collision_layer = 73
script = ExtResource( 1 )

[node name="Sprite3D" type="Sprite3D" parent="."]
transform = Transform( -0.0533608, 0, 0.497144, 0, 0.5, 0, -0.497144, 0, -0.0533608, 0, 2, 0 )
material_override = SubResource( 1 )
texture = ExtResource( 2 )

[node name="MeshInstance" type="MeshInstance" parent="Sprite3D"]
transform = Transform( 2, 0, 3.49691e-07, 0, 2, 0, -3.49691e-07, 0, 2, 0, 0, 0 )
mesh = SubResource( 2 )
material/0 = SubResource( 3 )

[node name="CollisionShape" type="CollisionShape" parent="."]
transform = Transform( 1, 0, 0, 0, 1, 0, 0, 0, 1, 0, 1.75907, 0 )
shape = SubResource( 4 )

[node name="Gravity" type="Node" parent="."]
script = ExtResource( 3 )

[node name="AnimationPlayer" type="AnimationPlayer" parent="."]
autoplay = "Idle"
anims/Idle = SubResource( 5 )

[node name="Area" type="Area" parent="."]
monitoring = false
collision_layer = 0
collision_mask = 64

[node name="CollisionShape" type="CollisionShape" parent="Area"]
transform = Transform( 1, 0, 0, 0, 1, 0, 0, 0, 1, 0, 1.75907, 0 )
shape = SubResource( 6 )

[node name="ToolTip3D" parent="." instance=ExtResource( 4 )]
transform = Transform( 1, 0, 0, 0, 1, 0, 0, 0, 1, 0, 5, 0 )
message = "FUSE"
layers = 32
[connection signal="body_entered" from="Area" to="." method="_on_Area_body_entered"]
