[gd_scene load_steps=8 format=2]

[ext_resource path="res://units/moth/Moth.escn" type="PackedScene" id=1]
[ext_resource path="res://units/entity.gd" type="Script" id=2]
[ext_resource path="res://units/WeaponPivot.gd" type="Script" id=3]
[ext_resource path="res://common/team_color.gd" type="Script" id=4]
[ext_resource path="res://items/weapons/weapon.gd" type="Script" id=5]
[ext_resource path="res://units/NPCController.tscn" type="PackedScene" id=6]

[sub_resource type="BoxShape" id=1]
extents = Vector3( 3.32128, 0.580954, 2.65072 )

[node name="Moth" instance=ExtResource( 1 )]
collision_layer = 17
script = ExtResource( 2 )
MAX_HEALTH = 50.0

[node name="Cannons" parent="Mesh" index="0"]
script = ExtResource( 3 )

[node name="CannonHighlight" parent="Mesh/Cannons" index="0"]
script = ExtResource( 4 )

[node name="Weapon" type="Spatial" parent="Mesh/Cannons" index="1"]
script = ExtResource( 5 )

[node name="Highlight" parent="Mesh" index="1"]
script = ExtResource( 4 )

[node name="CollisionShape" type="CollisionShape" parent="." index="1"]
shape = SubResource( 1 )

[node name="NPCController" parent="." index="2" instance=ExtResource( 6 )]
