[gd_scene load_steps=6 format=2]

[ext_resource path="res://gui/gui_theme.tres" type="Theme" id=1]
[ext_resource path="res://gui/input_icon.tscn" type="PackedScene" id=2]

[sub_resource type="ViewportTexture" id=1]
viewport_path = NodePath("Viewport")

[sub_resource type="SpatialMaterial" id=2]
resource_local_to_scene = true
flags_transparent = true
flags_unshaded = true
flags_do_not_receive_shadows = true
flags_disable_ambient_light = true
params_billboard_mode = 2
albedo_texture = SubResource( 1 )
distance_fade_mode = 1
distance_fade_min_distance = 100.0
distance_fade_max_distance = 0.0

[sub_resource type="QuadMesh" id=3]
size = Vector2( 10, 5 )

[node name="SwapToolTip" type="Spatial"]

[node name="Viewport" type="Viewport" parent="."]
size = Vector2( 256, 150 )
transparent_bg = true
render_target_v_flip = true

[node name="Control" type="Control" parent="Viewport"]
anchor_right = 1.0
anchor_bottom = 1.0
theme = ExtResource( 1 )

[node name="CenterContainer" type="CenterContainer" parent="Viewport/Control"]
anchor_right = 1.0
anchor_bottom = 1.0

[node name="VBoxContainer" type="VBoxContainer" parent="Viewport/Control/CenterContainer"]
margin_left = 76.0
margin_top = 16.0
margin_right = 179.0
margin_bottom = 133.0
custom_constants/separation = 16
alignment = 1

[node name="CenterContainer" type="CenterContainer" parent="Viewport/Control/CenterContainer/VBoxContainer"]
margin_right = 103.0
margin_bottom = 69.133

[node name="Icon" parent="Viewport/Control/CenterContainer/VBoxContainer/CenterContainer" instance=ExtResource( 2 )]
anchor_left = 0.0
anchor_top = 0.0
anchor_right = 0.0
anchor_bottom = 0.0
margin_left = 19.0
margin_top = 0.0
margin_right = 83.0
margin_bottom = 69.133
rect_pivot_offset = Vector2( 32, 32 )
action = "next_unit"

[node name="Label" type="Label" parent="Viewport/Control/CenterContainer/VBoxContainer"]
margin_top = 85.0
margin_right = 103.0
margin_bottom = 117.0
text = "Swap"
align = 1
valign = 1

[node name="MeshInstance" type="MeshInstance" parent="."]
material_override = SubResource( 2 )
mesh = SubResource( 3 )
material/0 = null
