[gd_scene load_steps=7 format=2]

[ext_resource path="res://gui/gui_theme.tres" type="Theme" id=1]
[ext_resource path="res://gui/arrow_up.svg" type="Texture" id=2]
[ext_resource path="res://gui/arrow_left.svg" type="Texture" id=3]
[ext_resource path="res://gui/mouse.svg" type="Texture" id=4]
[ext_resource path="res://gui/arrow_right.svg" type="Texture" id=5]
[ext_resource path="res://gui/arrow_down.svg" type="Texture" id=6]

[node name="Control" type="Control"]
anchor_right = 1.0
anchor_bottom = 1.0
theme = ExtResource( 1 )

[node name="CenterContainer" type="CenterContainer" parent="."]
anchor_right = 1.0
anchor_bottom = 1.0

[node name="VBoxContainer" type="VBoxContainer" parent="CenterContainer"]
margin_left = 379.0
margin_top = 170.0
margin_right = 644.0
margin_bottom = 430.0
custom_constants/separation = 16
alignment = 1

[node name="CenterContainer" type="CenterContainer" parent="CenterContainer/VBoxContainer"]
margin_right = 265.0
margin_bottom = 64.0

[node name="TextureRect" type="TextureRect" parent="CenterContainer/VBoxContainer/CenterContainer"]
margin_left = 100.0
margin_right = 164.0
margin_bottom = 64.0
texture = ExtResource( 2 )

[node name="HBoxContainer" type="HBoxContainer" parent="CenterContainer/VBoxContainer"]
margin_top = 80.0
margin_right = 265.0
margin_bottom = 180.0
custom_constants/separation = 16

[node name="CenterContainer3" type="CenterContainer" parent="CenterContainer/VBoxContainer/HBoxContainer"]
margin_right = 64.0
margin_bottom = 100.0

[node name="TextureRect" type="TextureRect" parent="CenterContainer/VBoxContainer/HBoxContainer/CenterContainer3"]
margin_top = 18.0
margin_right = 64.0
margin_bottom = 82.0
texture = ExtResource( 3 )

[node name="CenterContainer" type="CenterContainer" parent="CenterContainer/VBoxContainer/HBoxContainer"]
margin_left = 80.0
margin_right = 185.0
margin_bottom = 100.0

[node name="VBoxContainer" type="VBoxContainer" parent="CenterContainer/VBoxContainer/HBoxContainer/CenterContainer"]
margin_right = 105.0
margin_bottom = 100.0
alignment = 1

[node name="Label" type="Label" parent="CenterContainer/VBoxContainer/HBoxContainer/CenterContainer/VBoxContainer"]
margin_right = 105.0
margin_bottom = 32.0
text = "LOOK"
align = 1

[node name="CenterContainer" type="CenterContainer" parent="CenterContainer/VBoxContainer/HBoxContainer/CenterContainer/VBoxContainer"]
margin_top = 36.0
margin_right = 105.0
margin_bottom = 100.0

[node name="TextureRect2" type="TextureRect" parent="CenterContainer/VBoxContainer/HBoxContainer/CenterContainer/VBoxContainer/CenterContainer"]
margin_left = 20.0
margin_right = 84.0
margin_bottom = 64.0
texture = ExtResource( 4 )

[node name="CenterContainer2" type="CenterContainer" parent="CenterContainer/VBoxContainer/HBoxContainer"]
margin_left = 201.0
margin_right = 265.0
margin_bottom = 100.0

[node name="TextureRect3" type="TextureRect" parent="CenterContainer/VBoxContainer/HBoxContainer/CenterContainer2"]
margin_top = 18.0
margin_right = 64.0
margin_bottom = 82.0
texture = ExtResource( 5 )

[node name="CenterContainer2" type="CenterContainer" parent="CenterContainer/VBoxContainer"]
margin_top = 196.0
margin_right = 265.0
margin_bottom = 260.0

[node name="TextureRect" type="TextureRect" parent="CenterContainer/VBoxContainer/CenterContainer2"]
margin_left = 100.0
margin_right = 164.0
margin_bottom = 64.0
texture = ExtResource( 6 )
